@article{cam,
    author = "Miller and Lindsay and Tolver, Jessica and Police Executive Research Forum",
    title = "Implementing a Body-Worn Camera Program: Recommendations and Lessons Learned",
    institution = "Office of Community Oriented Policing Services",
    year = "2014"
}

@manual{cc3000,
    note = "Literature Reference SWRS126",
    organization = "Texas Instruments",
    title = "TI SimpleLink CC3000 Module - Wi-Fi 802.11b/g Network Processor"
}

@manual{sd_standard,
    edition = "4.10",
    organization = "SD Association",
    title = "Physical Layer Simplified Specification"
}

@manual{tm4c1294ncpdt,
    note = "Literature Reference SPMS433B",
    organization = "Texas Instruments",
    title = "Tiva TM4C1294NCPDT Microcontroller"
}

% TODO
@manual{usb_standard,
    organization = "",
    title = ""
}

@misc{store1,
    title = "http://www.govtech.com/data/Oakland-Police-Test-Cloud-Storage-for-Body-Camera-Video.html"
}

@misc{store2,
    title = "http://www.seattletimes.com/seattle-news/police-tackling-how-to-store-share-body-cam-videos"
}

@misc{third_eye,
    title = "http://www.wolfcomusa.com/wolfcom\_3rd\_eye\_police\_body\_camera.html"
}
